
@article{jenkins_foia_2020,
  title = {Do campaign contributions facilitate access to government information? Evidence from a FOIA compliance field experiment with US municipalities},
  year = {2020},
  volume = {3},
  pages = {1--17},
  journal = {Journal of Behavioral Public Administration},
  number = {2}
}


